%% This BibTeX bibliography file was created using BibDesk.
%% https://bibdesk.sourceforge.io/

%% Created for 장태영 at 2021-11-08 17:57:38 +0900 


%% Saved with string encoding Unicode (UTF-8) 



@article{vitelli2017probabilistic,
	archiveprefix = {arXiv},
	author = {Valeria Vitelli and {\O}ystein S{\o}rensen and Marta Crispino and Arnoldo Frigessi and Elja Arjas},
	date-added = {2021-11-08 17:42:20 +0900},
	date-modified = {2021-11-08 17:57:32 +0900},
	eprint = {1405.7945},
	primaryclass = {stat.ME},
	title = {Probabilistic preference learning with the Mallows rank model},
	year = {2017}}
